<?xml version="1.0" encoding="UTF-8"?><collection xmlns="http://www.loc.gov/MARC21/slim"><record><leader>00473nam--2200157-i-4500</leader><controlfield tag="001">000017023</controlfield><controlfield tag="002">20161230</controlfield><controlfield tag="005">20170221105507</controlfield><controlfield tag="008">060222s1000------------r-----000-0-rum-d</controlfield><datafield ind1=" " ind2=" " tag="040"><subfield code="a">IFIN-HH</subfield></datafield><datafield ind1=" " ind2=" " tag="080"><subfield code="a">539.12.162.8(075)</subfield></datafield><datafield ind1="1" ind2=" " tag="100"><subfield code="a">Angelescu, Tatiana Si Mihul, Alexandru</subfield></datafield><datafield ind1="1" ind2="0" tag="245"><subfield code="b">Fizica particulelor elementare la energii inalte (note de curs). partea I</subfield></datafield><datafield ind1=" " ind2=" " tag="260"><subfield code="a">Bucuresti, Universitatea, 1983 184 P</subfield></datafield><datafield ind1=" " ind2=" " tag="852"><subfield code="a">79686</subfield><subfield code="c">539.14</subfield></datafield><datafield ind1=" " ind2=" " tag="CAT"><subfield code="a">SYS</subfield><subfield code="c">20170221</subfield><subfield code="h">105507</subfield></datafield></record></collection>